@ARTICLE{8436416,
author={S. Lu and X. Jin and A. Jaffer and F. Gao and X. Mao},
journal={IEEE Computer Graphics and Applications},
title={Solid Mathematical Marbling},
year={2018},
volume={},
number={},
pages={1--1},
keywords={Solids;Three-dimensional displays;Shape;Color;Two dimensional displays;Tools;Strain;computing methodologies;computer graphics;three-dimensional graphics and realism;color, shading, shadowing, and texture;picture/image generation;display algorithms;graphics utilities;application packages;methodology and techniques;interaction techniques},
doi={10.1109/MCG.2018.325161231},
ISSN={0272-1716},
month={},}
@book{SH96,
author = "A.M. Stuart and A.R. Humphries",
title = "Dynamical Systems and Numerical Analysis",
publisher = "Cambridge University Press",
year = "1996",
}
@article{NS87a,
author = "J. Norbury and A.M. Stuart",
title = "Volterra Integral Equations and a New Gronwall Inequality. Part I: The Linear Case",
journal = "Proc. Roy. Soc. Edin.",
volume = "106A",
year = "1987",
pages = "361--373",
}
@Inbook{Einstein1923,
author="Einstein, A.",
title="Zur Elektrodynamik bewegter K{\"o}rper",
bookTitle="Das Relativit{\"a}tsprinzip: Eine Sammlung von Abhandlungen",
year="1923",
publisher="Vieweg+Teubner Verlag",
address="Wiesbaden",
pages="26--50",
abstract="Da{\ss} die Elektrodynamik Maxwells --- wie dieselbe gegenw{\"a}rtig aufgefa{\ss}t zu werden pflegt --- in ihrer Anwendung auf bewegte K{\"o}rper zu Asymmetrien f{\"u}hrt, welche den Ph{\"a}nomenen nicht anzuhaften scheinen, ist bekannt. Man denke z. B. an die elektrodynamische Wechselwirkung zwischen einem Magneten und einem Leiter. Das beobachtbare Ph{\"a}nomen h{\"a}ngt hier nur ab von der Relativbewegung von Leiter und Magnet, w{\"a}hrend nach der {\"u}blichen Auffassung die beiden F{\"a}lle, da{\ss} der eine oder der andere dieser K{\"o}rper der bewegte sei, streng voneinander zu trennen sind. Bewegt sich n{\"a}mlich der Magnet und ruht der Leiter, so entsteht in der Umgebung des Magneten ein elektrisches Feld von gewissem Energiewerte, welches an den Orten, wo sich Teile des Leiters befinden, einen Strom erzeugt. Ruht aber der Magnet und bewegt sich der Leiter, so entsteht in der Umgebung des Magneten kein elektrisches Feld, dagegen im Leiter eine elektromotorische Kraft, welcher an sich keine Energie entspricht, die aber --- Gleichheit der Relativbewegung bei den beiden ins Auge gefa{\ss}ten F{\"a}llen vorausgesetzt --- zu elektrischen Str{\"o}men von derselben Gr{\"o}{\ss}e und demselben Verlaufe Veranlassung gibt, wie im ersten Falle die elektrischen Kr{\"a}fte.",
isbn="978-3-663-19510-8",
doi="10.1007/978-3-663-19510-8_3",
url="https://doi.org/10.1007/978-3-663-19510-8_3"
}

